@article{paper,
    author = "Christian Cachin, Simon Schubert, Marko VukolicÂ´",
    title = "Non-determinism in Byzantine Fault-Tolerant Replication",
    journal = "IBM Research - Zurich",
    year = 2016,
    month = "03",
    day = 23
}